<?xml version="1.0" encoding="UTF-8"?><collection xmlns="http://www.loc.gov/MARC21/slim"><record><leader>00643nam--2200217-i-4500</leader><controlfield tag="001">000041137</controlfield><controlfield tag="002">20161230</controlfield><controlfield tag="005">20161230201043</controlfield><controlfield tag="008">060222s1000------------r-----000-0-eng-d</controlfield><datafield ind1=" " ind2=" " tag="020"><subfield code="a">012752147X</subfield></datafield><datafield ind1=" " ind2=" " tag="040"><subfield code="a">IFIN-HH</subfield></datafield><datafield ind1=" " ind2=" " tag="080"><subfield code="a">537.311.33</subfield></datafield><datafield ind1="1" ind2=" " tag="100"><subfield code="a">Willardson, R. K</subfield></datafield><datafield ind1="1" ind2="0" tag="245"><subfield code="a">Semiconductors and semimetals</subfield><subfield code="b">Volume 7: applications and devices</subfield><subfield code="c">R.k.willardson, albert c. beer (eds.)</subfield></datafield><datafield ind1=" " ind2=" " tag="260"><subfield code="a">New York</subfield><subfield code="b">Academic Press</subfield><subfield code="c">1971</subfield></datafield><datafield ind1=" " ind2=" " tag="300"><subfield code="a">TWO PARTS</subfield></datafield><datafield ind1=" " ind2=" " tag="490"><subfield code="a">Semiconductors And Semimetals</subfield></datafield><datafield ind1="1" ind2=" " tag="700"><subfield code="a">Beer, Albert C</subfield><subfield code="e">Ed</subfield></datafield><datafield ind1=" " ind2=" " tag="787"><subfield code="a">Part B</subfield><subfield code="h">/360p./746p</subfield></datafield><datafield ind1=" " ind2=" " tag="852"><subfield code="a">24823</subfield><subfield code="c">537.311.33</subfield></datafield><datafield ind1=" " ind2=" " tag="CAT"><subfield code="a">Sys</subfield><subfield code="c">20110720</subfield><subfield code="h">082539</subfield></datafield></record></collection>